%% This BibTeX bibliography file was created using BibDesk.
%% http://bibdesk.sourceforge.net/


%% Created for Phil Crone at 2015-01-25 16:26:17 -0800 


%% Saved with string encoding Unicode (UTF-8) 



@article{Cimpian:2008,
	Author = {Cimpian, Andrei and Markman, Ellen},
	Date-Added = {2015-01-26 00:23:57 +0000},
	Date-Modified = {2015-01-26 00:26:17 +0000},
	Journal = {Cognition},
	Number = {1},
	Pages = {19--53},
	Title = {Preschool children's use of cues to generic meaning},
	Volume = {107},
	Year = {2008}}

@article{Cimpian:2011,
	Author = {Cimpian, Andrei and Meltzer, Trent J. and Markman, Ellen},
	Date-Added = {2015-01-26 00:22:38 +0000},
	Date-Modified = {2015-01-26 00:23:43 +0000},
	Journal = {Child Development},
	Number = {5},
	Pages = {1561--1578},
	Title = {Preschoolers' Use of Morphosyntactic Cues to Identify Generic Sentences: Indefinite Singular Noun Phrases, Tense, and Aspect},
	Volume = {82},
	Year = {2011}}

@article{Gelman:2003,
	Author = {Gelman, Susan A. and Raman, Lakshmi},
	Date-Added = {2015-01-26 00:13:09 +0000},
	Date-Modified = {2015-01-26 00:14:17 +0000},
	Journal = {Child Development},
	Number = {1},
	Pages = {308--325},
	Title = {Preschool Children Use Linguistic Form Class and Pragmatic Cues to Interpret Generics},
	Volume = {74},
	Year = {2003}}
