%% This BibTeX bibliography file was created using BibDesk.
%% http://bibdesk.sourceforge.net/


%% Created for Phil Crone at 2016-01-27 08:58:46 -0800 


%% Saved with string encoding Unicode (UTF-8) 



@phdthesis{Acton:2014,
	Address = {Stanford},
	Author = {Acton, Eric},
	Date-Added = {2016-01-27 16:58:07 +0000},
	Date-Modified = {2016-01-27 16:58:43 +0000},
	School = {Stanford University},
	Title = {Pragmatics and the Social Meaning of Determiners},
	Year = {2014}}

@article{FarkasDeSwart2007,
	Author = {Farkas, Donka F. and de Swart, Henri\"ette},
	Date-Added = {2016-01-27 16:57:51 +0000},
	Date-Modified = {2016-01-27 16:57:51 +0000},
	Journal = {Lingua},
	Pages = {1657--1676},
	Title = {Article choice in plural generics},
	Volume = {117},
	Year = {2007}}

@article{Partee:1973,
	Author = {Partee, Barbara},
	Date-Added = {2016-01-27 16:45:55 +0000},
	Date-Modified = {2016-01-27 16:45:55 +0000},
	Journal = {Journal of Philosophy},
	Pages = {601--609},
	Title = {Some Structural Analogies Between Tenses and Pronouns in {E}nglish},
	Volume = {70},
	Year = {1973}}

@book{gelman2003,
	Author = {Gelman, Susan A},
	Date-Added = {2015-01-28 05:04:12 +0000},
	Date-Modified = {2015-01-28 05:04:14 +0000},
	Publisher = {Oxford University Press},
	Title = {The essential child: Origins of essentialism in everyday thought},
	Year = {2003}}

@article{Brodeur:2014,
	Author = {Brodeur, Mathieu B. and Gu\'{e}rard, Katherine and Bouras, Maria},
	Date-Added = {2015-01-27 07:24:50 +0000},
	Date-Modified = {2015-01-27 07:28:28 +0000},
	Journal = {PLoS ONE},
	Number = {9},
	Pages = {e106953},
	Title = {Bank of Standardized Stimuli ({BOSS}) phase {II}: 930 new normative photos},
	Volume = {9},
	Year = {2014}}

@article{Barr:2013,
	Author = {Barr, Dale J. and Levy, Roger and Scheepers, Christoph and Tily, Harry J.},
	Date-Added = {2015-01-27 07:10:40 +0000},
	Date-Modified = {2015-01-27 07:13:56 +0000},
	Journal = {Journal of Memory and Language},
	Number = {3},
	Pages = {255--278},
	Title = {Random effects structure for confirmatory hypothesis testing: Keep it maximal},
	Volume = {68},
	Year = {2013}}

@article{Prasada:2006,
	Author = {Prasada, Sandeep and Dillingham, Elaine M.},
	Date-Added = {2015-01-27 05:30:55 +0000},
	Date-Modified = {2015-01-27 05:32:22 +0000},
	Journal = {Cognition},
	Number = {1},
	Pages = {73--112},
	Title = {Principled and statistical connections in common sense conception},
	Volume = {99},
	Year = {2006}}

@article{Cimpian:2010,
	Author = {Cimpian, Andrei and Brandone, Amanda C. and Gelman, Susan A.},
	Date-Added = {2015-01-27 05:27:05 +0000},
	Date-Modified = {2015-01-27 05:30:40 +0000},
	Journal = {Cognitive Science},
	Number = {8},
	Pages = {1452--1482},
	Title = {Generic Statements Require Little Evidence for Acceptance but Have Powerful Implications},
	Volume = {34},
	Year = {2010}}

@article{Brandone:2009,
	Author = {Brandone, Amanda C. and Gelman, Susan A.},
	Date-Added = {2015-01-27 05:24:48 +0000},
	Date-Modified = {2015-01-27 05:25:47 +0000},
	Journal = {Cognition},
	Number = {1},
	Pages = {1-22},
	Title = {Differences in preschoolers' and adults' use of generics about novel animals and artifacts: A window onto a conceptual divide},
	Volume = {110},
	Year = {2009}}

@article{Cimpian:2009,
	Author = {Cimpian, Andrei and Markman, Ellen},
	Date-Added = {2015-01-27 05:20:27 +0000},
	Date-Modified = {2015-01-27 05:24:46 +0000},
	Journal = {Cognition},
	Number = {1},
	Pages = {14--25},
	Title = {Information learned from generic langauge becomes central to children's biological concepts: Evidence from their open-ended explanations},
	Volume = {113},
	Year = {2009}}

@misc{Carlson:1977,
	Author = {Carlson, Gregory N.},
	Date-Added = {2015-01-26 23:50:52 +0000},
	Date-Modified = {2015-01-26 23:54:49 +0000},
	Howpublished = {Ph.D. dissertation},
	Publisher = {University of Massachusetts, Amherst},
	Title = {Reference to {K}inds in {E}nglish},
	Year = {1977}}

@article{Frank:2012,
	Author = {Frank, Michael C. and Goodman, Noah D.},
	Date-Added = {2015-01-26 06:18:46 +0000},
	Date-Modified = {2015-01-26 06:20:01 +0000},
	Journal = {Science},
	Number = {6084},
	Pages = {998},
	Title = {Predicting Pragmatic Reasoning in Language Games},
	Volume = {336},
	Year = {2012}}

@article{Levy:2008,
	Author = {Levy, Roger},
	Date-Added = {2015-01-26 06:17:44 +0000},
	Date-Modified = {2015-01-26 06:18:44 +0000},
	Journal = {Cognition},
	Number = {3},
	Pages = {1126--1177},
	Title = {Expectation-based syntactic comprehension},
	Volume = {106},
	Year = {2008}}

@article{Prasada:2000,
	Author = {Prasada, Sandeep},
	Date-Added = {2015-01-26 04:47:10 +0000},
	Date-Modified = {2015-01-26 04:49:58 +0000},
	Journal = {Trends in Cognitive Science},
	Number = {2},
	Pages = {66--72},
	Title = {Acquiring generic knowledge},
	Volume = {4},
	Year = {2000}}

@incollection{Krifka:1995,
	Address = {Chicago},
	Author = {Krifka, Manfred and Pelletier, Francis J. and Carlson, Gregory N. and ter Meulen, Alice and Link, Godehard and Chierchia, Gennaro},
	Booktitle = {The {G}eneric {B}ook},
	Date-Added = {2015-01-26 04:27:18 +0000},
	Date-Modified = {2015-01-27 15:58:59 +0000},
	Publisher = {The University of Chicago Press},
	Title = {Genericity: An Introduction},
	Year = {1995}}

@book{Lyons:1977,
	Address = {New York},
	Author = {Lyons, John},
	Date-Added = {2015-01-26 04:26:06 +0000},
	Date-Modified = {2015-01-26 04:27:10 +0000},
	Publisher = {Cambridge University Press},
	Title = {Semantics: Volume 1},
	Year = {1977}}

@article{Cimpian:2008,
	Author = {Cimpian, Andrei and Markman, Ellen},
	Date-Added = {2015-01-26 00:23:57 +0000},
	Date-Modified = {2015-01-26 00:26:17 +0000},
	Journal = {Cognition},
	Number = {1},
	Pages = {19--53},
	Title = {Preschool children's use of cues to generic meaning},
	Volume = {107},
	Year = {2008}}

@article{Cimpian:2011,
	Author = {Cimpian, Andrei and Meltzer, Trent J. and Markman, Ellen},
	Date-Added = {2015-01-26 00:22:38 +0000},
	Date-Modified = {2015-01-26 00:23:43 +0000},
	Journal = {Child Development},
	Number = {5},
	Pages = {1561--1578},
	Title = {Preschoolers' Use of Morphosyntactic Cues to Identify Generic Sentences: Indefinite Singular Noun Phrases, Tense, and Aspect},
	Volume = {82},
	Year = {2011}}

@article{Gelman:2003,
	Author = {Gelman, Susan A. and Raman, Lakshmi},
	Date-Added = {2015-01-26 00:13:09 +0000},
	Date-Modified = {2015-01-26 00:14:17 +0000},
	Journal = {Child Development},
	Number = {1},
	Pages = {308--325},
	Title = {Preschool Children Use Linguistic Form Class and Pragmatic Cues to Interpret Generics},
	Volume = {74},
	Year = {2003}}

@proceedings{Toutanova:2003,
	Author = {Toutanova, Kristina and Klein, Dan and Manning, Christopher and Singer, Yoram},
	Booktitle = {Proceedings of HLT-NAACL 2003},
	Pages = {252--259},
	Title = {Feature-Rich Part-of-Speech Tagging with a Cyclic Dependency Network},
	Year = {2003}}
